<record xmlns="http://www.loc.gov/MARC21/slim" xmlns:xsi="http://www.w3.org/2001/XMLSchema-instance" xsi:schemaLocation="http://www.loc.gov/MARC21/slim http://www.loc.gov/standards/marcxml/schema/MARC21slim.xsd"><leader>01821nam a2200409   4500</leader><controlfield tag="001">001897906</controlfield><controlfield tag="003">NNU</controlfield><controlfield tag="006">m        d        </controlfield><controlfield tag="007">cr cn |||m|||a</controlfield><controlfield tag="008">150116s1963    sy af   o     000 0 arar</controlfield><datafield ind1=" " ind2=" " tag="040"><subfield code="a">NNU</subfield><subfield code="b">eng</subfield><subfield code="e">rda</subfield><subfield code="c">NNU</subfield></datafield><datafield ind1=" " ind2="4" tag="050"><subfield code="a">PJ7810.D58</subfield><subfield code="b">W3 1963</subfield></datafield><datafield ind1="1" ind2=" " tag="100"><subfield code="6">880-01</subfield><subfield code="a">Idlib&#299;, Ulfat</subfield></datafield><datafield ind1="1" ind2="0" tag="245"><subfield code="6">880-02</subfield><subfield code="a">Wada&#772;&#699;an ya&#772; Dimashq /</subfield><subfield code="c">Ulfat al-Idlibi&#772;.</subfield></datafield><datafield ind1=" " ind2=" " tag="260"><subfield code="6">880-03</subfield><subfield code="a">Dimashq :</subfield><subfield code="b">Maktabat At&#803;las,</subfield><subfield code="c">[1963?]</subfield></datafield><datafield ind1=" " ind2=" " tag="300"><subfield code="a">online resource (195 pages, [1] leaf of plates) :</subfield><subfield code="b">illustrations</subfield></datafield><datafield ind1=" " ind2=" " tag="336"><subfield code="a">text</subfield><subfield code="2">rdacontent</subfield></datafield><datafield ind1=" " ind2=" " tag="337"><subfield code="a">computer</subfield><subfield code="2">rdamedia</subfield></datafield><datafield ind1=" " ind2=" " tag="338"><subfield code="a">online resource</subfield><subfield code="2">rdacarrier</subfield></datafield><datafield ind1="1" ind2=" " tag="490"><subfield code="6">880-04</subfield><subfield code="a">Silsilah al-qis&#803;as&#803;i&#772;yah ;</subfield><subfield code="v">raqm 5</subfield></datafield><datafield ind1=" " ind2=" " tag="500"><subfield code="a">In Arabic; romanized record.</subfield></datafield><datafield ind1=" " ind2=" " tag="500"><subfield code="a">Short stories.</subfield></datafield><datafield ind1=" " ind2=" " tag="500"><subfield code="a">At head of title: Wiza&#772;rat al-Thaqa&#772;fah wa-al-Irsha&#772;d al-Qawmi&#772;, Mudi&#772;ri&#772;yat al-Ta&#700;li&#772;f wa-al-Tarjamah.</subfield></datafield><datafield ind1=" " ind2=" " tag="500"><subfield code="a">Part of the Arabic Collections Online (ACO) project, contributed by New York Univeristy Libraries.</subfield></datafield><datafield ind1=" " ind2=" " tag="533"><subfield code="a">Electronic reproduction.</subfield><subfield code="b">New York, N.Y. :</subfield><subfield code="c">New York University,</subfield><subfield code="d">2015.</subfield><subfield code="5">NNU</subfield></datafield><datafield ind1="2" ind2=" " tag="710"><subfield code="a">New York University.</subfield><subfield code="b">Libraries.</subfield></datafield><datafield ind1="0" ind2=" " tag="730"><subfield code="a">Arabic Collections Online.</subfield></datafield><datafield ind1="0" ind2="8" tag="776"><subfield code="i">Print version:</subfield><subfield code="a">Idlib&#299;, Ulfat 880-01</subfield><subfield code="t">Wada&#772;&#699;an ya&#772; Dimashq</subfield><subfield code="w">(NNU)001897906</subfield><subfield code="w">(DLC)   92856550</subfield></datafield><datafield ind1="4" ind2="0" tag="856"><subfield code="u">http://hdl.handle.net/2333.1/dfn2z4xq</subfield></datafield><datafield ind1="1" ind2=" " tag="880"><subfield code="6">100-01/</subfield><subfield code="a">&#1573;&#1583;&#1604;&#1576;&#1610;&#1548; &#1571;&#1604;&#1601;&#1577;.</subfield></datafield><datafield ind1="1" ind2="0" tag="880"><subfield code="6">245-02/</subfield><subfield code="a">&#1608;&#1583;&#1575;&#1593;&#1575; &#1610;&#1575; &#1583;&#1605;&#1588;&#1602; /</subfield><subfield code="c">&#1571;&#1604;&#1601;&#1577; &#1575;&#1604;&#1573;&#1583;&#1604;&#1576;&#1610;.</subfield></datafield><datafield ind1=" " ind2=" " tag="880"><subfield code="6">260-03/</subfield><subfield code="a">&#1583;&#1605;&#1588;&#1602; :</subfield><subfield code="b">&#1605;&#1603;&#1578;&#1576;&#1577; &#1571;&#1591;&#1604;&#1587;&#1548;</subfield><subfield code="c">[&#1633;&#1641;&#1638;&#1635;&#1567;]</subfield></datafield><datafield ind1="1" ind2=" " tag="880"><subfield code="6">490-04/</subfield><subfield code="a">&#1587;&#1604;&#1587;&#1604;&#1577; &#1575;&#1604;&#1602;&#1589;&#1589;&#1610;&#1577; &#1563;</subfield><subfield code="v">raqm 5</subfield></datafield><datafield ind1=" " ind2="0" tag="830"><subfield code="6">880-05</subfield><subfield code="a">Silsilah al-qis&#803;as&#803;i&#772;yah ;</subfield><subfield code="v">raqm 5.</subfield></datafield><datafield ind1=" " ind2="0" tag="880"><subfield code="6">830-05/</subfield><subfield code="a">&#1587;&#1604;&#1587;&#1604;&#1577; &#1575;&#1604;&#1602;&#1589;&#1589;&#1610;&#1577; &#1563; ;</subfield><subfield code="v">raqm 5.</subfield></datafield><datafield ind1=" " ind2=" " tag="959"><subfield code="a">NNU</subfield><subfield code="b">WEB</subfield><subfield code="c">GENI</subfield><subfield code="t">0</subfield><subfield code="m">Electronic access</subfield><subfield code="s">01</subfield></datafield><datafield ind1=" " ind2=" " tag="999"><subfield code="i">NNU_001897906</subfield><subfield code="o" /></datafield></record>